<?xml version="1.0" encoding="UTF-8" ?>
<collection xmlns:xsi="http://www.w3.org/2001/XMLSchema-instance" xsi:schemaLocation="http://www.loc.gov/MARC21/slim http://www.loc.gov/standards/marcxml/schema/MARC21slim.xsd" xmlns="http://www.loc.gov/MARC21/slim">
   <record>
      <leader>     cam a22        4500</leader>
      <controlfield tag="001">3763030</controlfield>
      <controlfield tag="003">NIC</controlfield>
      <controlfield tag="005">20141222221945.0</controlfield>
      <controlfield tag="008">820325s1968    iq       b    000 0 arar </controlfield>
      <datafield tag="010" ind1=" " ind2=" ">
         <subfield code="a">ne 68003604  </subfield>
      </datafield>
      <datafield tag="035" ind1=" " ind2=" ">
         <subfield code="a">(NIC)notisASY1330</subfield>
      </datafield>
      <datafield tag="035" ind1=" " ind2=" ">
         <subfield code="a">(OCoLC)8272044</subfield>
      </datafield>
      <datafield tag="035" ind1=" " ind2=" ">
         <subfield code="a">3763030</subfield>
      </datafield>
      <datafield tag="040" ind1=" " ind2=" ">
         <subfield code="a">DLC</subfield>
         <subfield code="c">TKN</subfield>
         <subfield code="d">TKN</subfield>
         <subfield code="d">NIC</subfield>
      </datafield>
      <datafield tag="050" ind1="0" ind2=" ">
         <subfield code="a">DS215</subfield>
         <subfield code="b">.J82</subfield>
      </datafield>
      <datafield tag="100" ind1="1" ind2=" ">
         <subfield code="a">Jubūrī, Yaḥyá Wuhayyib.</subfield>
      </datafield>
      <datafield tag="245" ind1="1" ind2="3">
         <subfield code="a">al-Jāhilīyah,</subfield>
         <subfield code="b">muqddamah fī al-ḥayāt al-ʻArabīyah li-       dirāsat al-adab al-Jāhilī.</subfield>
         <subfield code="c">[taʾlīf] Yaḥyā al-Jubūrī.</subfield>
      </datafield>
      <datafield tag="260" ind1=" " ind2=" ">
         <subfield code="a">Baghdād,</subfield>
         <subfield code="b">Maṭbʻat al-Maʻārif,</subfield>
         <subfield code="c">1968.</subfield>
      </datafield>
      <datafield tag="300" ind1=" " ind2=" ">
         <subfield code="a">159 p.</subfield>
         <subfield code="c">24 cm.</subfield>
      </datafield>
      <datafield tag="500" ind1=" " ind2=" ">
         <subfield code="a">Cover title: al-Jahiliah: pre-Islamic age, by Yahya W. al-Jubury.</subfield>
      </datafield>
      <datafield tag="504" ind1=" " ind2=" ">
         <subfield code="a">Bibliography: p. 119-127.</subfield>
      </datafield>
      <datafield tag="651" ind1=" " ind2="0">
         <subfield code="a">Arabian Peninsula</subfield>
         <subfield code="x">Social life and customs.</subfield>
      </datafield>
      <datafield tag="650" ind1=" " ind2="7">
         <subfield code="a">Manners and customs</subfield>
         <subfield code="2">fast</subfield>
         <subfield code="0">(OCoLC)fst01007815</subfield>
      </datafield>
      <datafield tag="651" ind1=" " ind2="7">
         <subfield code="a">Arabian Peninsula</subfield>
         <subfield code="2">fast</subfield>
         <subfield code="0">(OCoLC)fst01240131</subfield>
      </datafield>
      <datafield tag="905" ind1=" " ind2=" ">
         <subfield code="a">20000216120000.0</subfield>
      </datafield>
      <datafield tag="948" ind1="2" ind2=" ">
         <subfield code="a">20121023</subfield>
         <subfield code="b">m</subfield>
         <subfield code="d">batch</subfield>
         <subfield code="e">lts</subfield>
         <subfield code="x">remove999</subfield>
      </datafield>
      <datafield tag="948" ind1="2" ind2=" ">
         <subfield code="a">20141222</subfield>
         <subfield code="b">m</subfield>
         <subfield code="d">batch</subfield>
         <subfield code="e">lts</subfield>
         <subfield code="x">addfast</subfield>
      </datafield>
      <datafield tag="950" ind1=" " ind2=" ">
         <subfield code="l">OLIN</subfield>
         <subfield code="x">9999</subfield>
         <subfield code="a">DS215</subfield>
         <subfield code="b">.J91</subfield>
      </datafield>
      <datafield tag="903" ind1=" " ind2=" ">
         <subfield code="a">NYUACO</subfield>
         <subfield code="d">20150423</subfield>
         <subfield code="p">31924028628034</subfield>
      </datafield>
      <datafield tag="950" ind1=" " ind2=" ">
         <subfield code="a">DS215</subfield>
         <subfield code="b">.J91</subfield>
         <subfield code="v"> </subfield>
      </datafield>
   </record>
</collection>
